
@misc{monkey,
  title = "{What is Text Analysis? A Beginner's Guide}", 
  howpublished = {\url{https://monkeylearn.com/text-analysis/}},
  note = {Accessed May 20, 2022}
}

@misc{web1,
  title = "{Natural Language Processing With R}",
  howpublished = {\url{https://www.udacity.com/blog/2020/10/natural-language-processing-with-r.html}},
  note = {Accessed May 20, 2022}
}

@misc{web2,
  title = "{Text Mining and Sentiment Analysis: Analysis with R}",
  howpublished = {\url{https://www.red-gate.com/simple-talk/databases/sql-server/bi-sql-server/text-mining-and-sentiment-analysis-with-r/}},
  note = {Accessed May 20, 2022}
}

@book{briney2015data,
  title={Data Management for Researchers: Organize, maintain and share your data for research success},
  author={Briney, Kristin},
  year={2015},
  publisher={Pelagic Publishing Ltd}
}

@misc{syuzhet,
  title = "{Syuzhet Package Documentation in R}",
  howpublished = {\url{https://www.rdocumentation.org/packages/syuzhet/versions/1.0.6}},
  note = {Accessed May 20, 2022}
}

@ebook{sonnetsData,
  author        = "{William Shakespear}",
  title         = "{Shakespear's Sonnets}",
  howpublished  = "Project Gutenberg, 1997 [Online].",
  note 	= "EBook-No. 1041, Accessed May 20, 2022",
  url        = {\url{https://www.gutenberg.org/ebooks/1041}}
}

@electronic{musicData,
  author        = "{Paul Mooney}",
  title  = "{Song Lyrics: Poetry and Lyric (TXT files)}",
  url     = {\url{"https://www.kaggle.com/datasets/paultimothymooney/poetry?resource=download"}},
  note          = {Accessed May 20, 2022}
}

@misc{tm,
  title = "{Tm: Text Mining Package Documentation in R}",
  howpublished = {\url{https://rdrr.io/rforge/tm/man/}},
  note = {Accessed May 20, 2022}
}

@misc{shakeFacts,
  title = "{56 Fun Facts about William Shakespear}",
  howpublished = {\url{https://nosweatshakespeare.com/resources/shakespeare-facts/}},
  note = {Accessed May 31, 2022}
}

@incollection{scienceDirect,
title = {Chapter 4 - Text Mining and Network Analysis of Digital Libraries in R},
editor = {Yanchang Zhao and Yonghua Cen},
booktitle = {Data Mining Applications with R},
publisher = {Academic Press},
address = {Boston},
pages = {95-115},
year = {2014},
isbn = {978-0-12-411511-8},
doi = {https://doi.org/10.1016/B978-0-12-411511-8.00004-9},
url = {https://www.sciencedirect.com/science/article/pii/B9780124115118000049},
author = {Eric Nguyen},
keywords = {, , , }
}

@misc{k-means,
  title = "{K-means Clustering: Algorithm, Applications, Evaluation Methods, and Drawbacks}",
  howpublished = {\url{https://towardsdatascience.com/k-means-clustering-algorithm-applications-evaluation-methods-and-drawbacks-aa03e644b48a}},
  note = {Accessed May 31, 2022}
}
 
@article{NLP-for-music,
author = {Sergio Oramas and Luis Espinosa-Anke and Francisco Gómez and Xavier Serra},
title = {Natural language processing for music knowledge discovery},
journal = {Journal of New Music Research},
volume = {47},
number = {4},
pages = {365-382},
year  = {2018},
publisher = {Routledge},
doi = {10.1080/09298215.2018.1488878},
URL = { https://doi.org/10.1080/09298215.2018.1488878},
eprint = {https://doi.org/10.1080/09298215.2018.1488878}
}

@inproceedings{NLP-for-lyrics,
author = {Mahedero, Jose P. G. and Mart\'{I}nez, \'{A}lvaro and Cano, Pedro and Koppenberger, Markus and Gouyon, Fabien},
title = {Natural Language Processing of Lyrics},
year = {2005},
isbn = {1595930442},
publisher = {Association for Computing Machinery},
address = {New York, NY, USA},
url = {https://doi.org/10.1145/1101149.1101255},
doi = {10.1145/1101149.1101255},
booktitle = {Proceedings of the 13th Annual ACM International Conference on Multimedia},
pages = {475–478},
numpages = {4},
keywords = {music information retrieval, automatic music classification, lyrics processing},
location = {Hilton, Singapore},
series = {MULTIMEDIA '05}
}

@misc{knowledge-graphs,
  title = "{An Introduction to Knowledge Graphs}",
  howpublished = {\url{http://ai.stanford.edu/blog/introduction-to-knowledge-graphs/}},
  note = {Accessed June 3, 2022}
}

@misc{nrc-sentiment,
  title = "{NRC Word-Emotion Association Lexicon}",
  howpublished = {\url{https://saifmohammad.com/WebPages/NRC-Emotion-Lexicon.htm}},
  note = {Accessed June 3, 2022}
}

@misc{music-world,
  title = "{Streaming Drives Global Music Industry Resurgence}",
  howpublished = {\url{https://www.statista.com/chart/4713/global-recorded-music-industry-revenues/\#:~:text=Apr\%208\%2C\%202022-,Music\%20in\%20the\%20U.S.,year\%27s\%20total\%20of\%20\%2421.9\%20billion.}},
  note = {Accessed June 3, 2022}
}

@article{seifert,
author = "{Matthias Seifert and Allegre L. Hadida}",
title = {Facilitating talent selection decisions in the music industry},
volume = {47},
number = {4},
pages = {790-808},
publisher = {Emerald Group Publishing Limited},
doi = {10.1108/00251740610673341},
year  = {2006},
}

@article{aguiar,
author = "{Luis Aguiar, Joel Waldfogel, Sarah B. Waldfogel}",
title = "{PLAYLISTING FAVORITES: MEASURING PLATFORM BIAS IN THE MUSIC INDUSTRY}",
journal = {NBER Working Paper},
year  = {2021},
number = {No. 29017}
}























